<collection xmlns="http://www.loc.gov/MARC21/slim">
<record>
  <leader>01189nam a2200337 a 4500</leader>
  <controlfield tag="001">3216952</controlfield>
  <controlfield tag="007">he amb---bbcp</controlfield>
  <controlfield tag="007">he bmb---baap</controlfield>
  <controlfield tag="008">850207s1882    quc     bb    000 0 eng d</controlfield>
  <datafield tag="020" ind1=" " ind2=" ">
    <subfield code="a">0665287674</subfield>
  </datafield>
  <datafield tag="035" ind1=" " ind2=" ">
    <subfield code="a">ocn317777254</subfield>
  </datafield>
  <datafield tag="040" ind1=" " ind2=" ">
    <subfield code="a">CaOOCIHM</subfield>
    <subfield code="b">eng</subfield>
    <subfield code="d">AEU</subfield>
  </datafield>
  <datafield tag="082" ind1="0" ind2=" ">
    <subfield code="a">234.161</subfield>
    <subfield code="2">19</subfield>
  </datafield>
  <datafield tag="090" ind1=" " ind2=" ">
    <subfield code="a">FC 02 0203 no. 28767</subfield>
    <subfield code="b">AEU</subfield>
  </datafield>
  <datafield tag="100" ind1="1" ind2=" ">
    <subfield code="a">Roy, James,</subfield>
    <subfield code="d">1834-1922</subfield>
  </datafield>
  <datafield tag="245" ind1="1" ind2="0">
    <subfield code="a">Baptism and salvation</subfield>
    <subfield code="h">[microform] /</subfield>
    <subfield code="c">by James Roy.</subfield>
  </datafield>
  <datafield tag="260" ind1=" " ind2=" ">
    <subfield code="a">Montreal :</subfield>
    <subfield code="b">L.E. Rivard,</subfield>
    <subfield code="c">1882.</subfield>
  </datafield>
  <datafield tag="300" ind1=" " ind2=" ">
    <subfield code="a">1 microfiche (27 fr.).</subfield>
  </datafield>
  <datafield tag="490" ind1="1" ind2=" ">
    <subfield code="a">CIHM/ICMH Microfiche series = CIHM/ICMH collection de microfiches ;</subfield>
    <subfield code="v">no. 28767</subfield>
  </datafield>
  <datafield tag="504" ind1=" " ind2=" ">
    <subfield code="a">Includes bibliographical references.</subfield>
  </datafield>
  <datafield tag="533" ind1=" " ind2=" ">
    <subfield code="a">Filmed from a copy of the original publication held by the Metropolitan Toronto Library, Canadian History Department.</subfield>
    <subfield code="b">Ottawa :</subfield>
    <subfield code="c">Canadian Institute for Historical Microreproductions,</subfield>
    <subfield code="d">1984.</subfield>
  </datafield>
  <datafield tag="534" ind1=" " ind2=" ">
    <subfield code="e">46 p.</subfield>
  </datafield>
  <datafield tag="596" ind1=" " ind2=" ">
    <subfield code="a">43</subfield>
  </datafield>
  <datafield tag="650" ind1=" " ind2="0">
    <subfield code="a">Baptism.</subfield>
  </datafield>
  <datafield tag="650" ind1=" " ind2="0">
    <subfield code="a">Salvation.</subfield>
  </datafield>
  <datafield tag="650" ind1=" " ind2="6">
    <subfield code="a">Batêm</subfield>
  </datafield>
<!-- No separator at end of field length=13 -->
  <datafield tag="650" ind1="." ind2="">
    <subfield code="6"></subfield>
    <subfield code="a">Salu</subfield>
  </datafield>
<!-- No separator at end of field length=11 -->
  <datafield tag="830" ind1="." ind2="">
    <subfield code="0"></subfield>
    <subfield code="a">CIHM/ICMH microfiche series ;</subfield>
    <subfield code="v">no. 287</subfield>
  </datafield>
<!-- No separator at end of field length=45 -->
  <datafield tag="949" ind1="7" ind2="">
    <subfield code=" "></subfield>
    <subfield code="h">UAHS-MF</subfield>
    <subfield code="z">CIHMMP</subfield>
  </datafield>
<!-- No separator at end of field length=22 -->
  <datafield tag="016" ind1="E" ind2="">
    <subfield code=" "></subfield>
    <subfield code="a"> 8562552</subfield>
  </datafield>
<!-- No separator at end of field length=15 -->
  <datafield tag="926" ind1="0" ind2="">
    <subfield code=" "></subfield>
    <subfield code="a">UAHSS</subfield>
    <subfield code="b">MICROFICHE</subfield>
    <subfield code="c">FC 02 0203 no. 28767</subfield>
    <subfield code="d">MICROFORM</subfield>
    <subfield code=""></subfield>
  </datafield>
<!-- No separator at end of field length=58 -->
</record>
</collection>
